@MISC{loss-accuracy,
	TITLE = {How is it possible that validation loss is increasing while validation accuracy is increasing as well},
	AUTHOR = {Soltius (https://stats.stackexchange.com/users/201218/soltius)},
	HOWPUBLISHED = {Cross Validated},
	NOTE = {URL:https://stats.stackexchange.com/q/341054 (version: 2023-03-28)},
	EPRINT = {https://stats.stackexchange.com/q/341054},
	URL = {https://stats.stackexchange.com/q/341054}
}

@misc{dropout-norm,
	title={Understanding the Disharmony between Dropout and Batch Normalization by Variance Shift}, 
	author={Xiang Li and Shuo Chen and Xiaolin Hu and Jian Yang},
	year={2018},
	eprint={1801.05134},
	archivePrefix={arXiv},
	primaryClass={cs.LG}
}